 @misc{UvA,
    title={Tutorial 11: Normalizing flows for image modeling},
    url={https://uvadlc-notebooks.readthedocs.io/en/latest/tutorial_notebooks/tutorial11/NF_image_modeling.html},
    journal={Tutorial 11: Normalizing Flows for image modeling},
    publisher={UvA DL Notebooks},
    year={2022}
}

@article{Kobyakov2019,
    Author = {Ivan Kobyzev and Simon J. D. Prince and Marcus A. Brubaker},
    Title = {Normalizing Flows: An Introduction and Review of Current Methods},
    Year = {2019},
    Eprint = {arXiv:1908.09257},
    Doi = {10.1109/TPAMI.2020.2992934},
}

@misc{Kothe21,
  author        = {Ullrich K{\"o}the},
  title         = {Introduction to Normalizing Flows},
  month         = {March},
  year          = {2021},
  publisher={Visual Leaning Lab Heidelberg}
}

@misc{libretexts_2022,
  title={7.2: Linear variational method and the secular determinant}, 
  url={https://chem.libretexts.org/Bookshelves/Physical_and_Theoretical_Chemistry_Textbook_Maps/Physical_Chemistry_(LibreTexts)/07%3A_Approximation_Methods/7.02%3A_Linear_Variational_Method_and_the_Secular_Determinant}, 
  journal={Chemistry LibreTexts},
  publisher={Libretexts}, 
  author={Libretexts}, 
  year={2022}, month={Jul}
} 